@COMMENT{ABBREVIATED-NAME JOURNAL TITLES}
@STRING{acm	= "Commun ACM"}
@STRING{aes	= "Adv Eng Softw"}
@STRING{aiaa	= "AIAA J"}
@STRING{aime	= "Trans AIME"}
@STRING{ajp	= "Am J Phys"}
@STRING{am	= "Acta Mech"}
@STRING{amm	= "Am Math Mon"}
@STRING{amss	= "Acta Mech Sinica"}
@STRING{apfr	= "Ann Phys Fr"}
@STRING{apl	= "Appl Phys Lett"}
@STRING{asme	= "Trans Am Soc Mech Eng"}
@STRING{astr	= "Astron J"}
@STRING{cpr	= "Chem Phys Rep+"}
@STRING{chp	= "Chinese Phys"}
@STRING{cm	= "Comput Mech"}
@STRING{cmam	= "Comput Meth Appl M"}
@STRING{cpc	= "Comput Phys Commun"}
@STRING{cs	= "Comput Struct"}
@STRING{efm	= "Eng Fract Mech"}
@STRING{em	= "Exp Mech"}
@STRING{fead	= "Finite Elem Anal Des"}
@STRING{hpr	= "High Pressure Res"}
@STRING{idr	= "IDR"}
@STRING{ieeeim	= "IEEE T Instrum Meas"}
@STRING{ijes	= "Int J Eng Sci"}
@STRING{ijf	= "Int J Fracture"}
@STRING{ijie	= "Int J Impact Eng"}
@STRING{ijms	= "Int J Mech Sci"}
@STRING{ijnm	= "Int J Numer Meth Eng"}
@STRING{ijp	= "Int J Plasticity"}
@STRING{ijss	= "Int J Solids Struct"}
@STRING{imr	= "Int Mater Rev"}
@STRING{jacs	= "J Am Ceram Soc"}
@STRING{jam	= "J Appl Mech"}
@STRING{jap	= "J Appl Phys"}
@STRING{jasa	= "J Acous Soc Am"}
@STRING{jchp	= "J Chem Phys"}
@STRING{jcm	= "J Compos Mater"}
@STRING{jcp	= "J Comput Phys"}
@STRING{jei	= "J Eng Ind"}
@STRING{jem	= "J Eng Math"}
@STRING{jemt	= "J Eng Mater-T ASME"}
@STRING{jetp	= "JETP Lett+"}
@STRING{jfi	= "J Franklin I"}
@STRING{jfm	= "J Fluid Mech"}
@STRING{jgr	= "J Geophys Res"}
@STRING{jim	= "J I Met"}
@STRING{jmes	= "J Mech Eng Sci"}
@STRING{jmp	= "J Math Phys"}
@STRING{jmps	= "J Mech Phys Solids"}
@STRING{jmsl	= "J Mater Sci Lett"}
@STRING{jpc	= "J Phys C: Solid State"}
@STRING{jpcm	= "J Phys: Condens Mat"}
@STRING{jpcs	= "J Phys Chem Solids"}
@STRING{jpd	= "J Phys D Appl Phys"}
@STRING{jpp	= "J Phys-Paris"}
@STRING{jrpc	= "J Reinf Plast Comp"}
@STRING{jsm	= "J Superhard Mater"}
@STRING{mb	= "Math Biosci"}
@STRING{mc	= "Math Comput"}
@STRING{me	= "Mech Eng"}
@STRING{mf	= "Mater Forum"}
@STRING{mm	= "Mech Mater"}
@STRING{mse	= "Mater Sci Eng"}
@STRING{ned	= "Nuc Eng Des"}
@STRING{nj	= "Noetic J"}
@STRING{pe	= "Propellants Explos"}
@STRING{pep	= "Propell Explos Pyrot"}
@STRING{pf	= "Phys Fluids"}
@STRING{pfa	= "Phys Fluids A---Fluids"}
@STRING{phy	= "Physica"}
@STRING{pm	= "Powder Metall Met C+"}
@STRING{pr	= "Phys Rev"}
@STRING{pra	= "Phys Rev A"}
@STRING{prb	= "Phys Rev B"}
@STRING{prl	= "Phys Rev Lett"}
@STRING{prsl	= "Proc R Soc Lond A"}
@STRING{ptrsl	= "Philos T Roy Soc A"}
@STRING{pz	= "Physik Zeitschr"}
@STRING{qam	= "Q Appl Math"}
@STRING{sf	= "Soils Found"}
@STRING{spjetp	= "Sov Phys JETP---USSR"}
@STRING{spss	= "Fiz Tverd Tela+"}
@STRING{stpl	= "Sov Tech Phys Lett"}
@STRING{sw	= "Shock Waves"}
@STRING{tafm	= "Theor Appl Fract Mec"}
@STRING{tha	= "Thermochim Acta"}
@STRING{trj	= "Text Res J"}
@STRING{ttsw	= "Technology Today---SwRI"}
@STRING{wsu	= {W\"arme}}
@STRING{zamm	= "Z angew Math Mech"}
@STRING{ztf	= "Zh Tek Fiz"}
