@STRING{al.us = "AL"}
@STRING{ak.us = "AK"}
@STRING{az.us = "AZ"}
@STRING{ar.us = "AR"}
@STRING{ca.us = "CA"}
@STRING{co.us = "CO"}
@STRING{ct.us = "CT"}
@STRING{de.us = "DE"}
@STRING{fl.us = "FL"}
@STRING{ga.us = "GA"}
@STRING{hi.us = "HI"}
@STRING{id.us = "ID"}
@STRING{il.us = "IL"}
@STRING{in.us = "IN"}
@STRING{ia.us = "IA"}
@STRING{ks.us = "KS"}
@STRING{ky.us = "KY"}
@STRING{la.us = "LA"}
@STRING{me.us = "ME"}
@STRING{md.us = "MD"}
@STRING{ma.us = "MA"}
@STRING{mi.us = "MI"}
@STRING{mn.us = "MN"}
@STRING{ms.us = "MS"}
@STRING{mo.us = "MO"}
@STRING{mt.us = "MT"}
@STRING{ne.us = "NE"}
@STRING{nv.us = "NV"}
@STRING{nh.us = "NH"}
@STRING{nj.us = "NJ"}
@STRING{nm.us = "NM"}
@STRING{ny.us = "NY"}
@STRING{nc.us = "NC"}
@STRING{nd.us = "ND"}
@STRING{oh.us = "OH"}
@STRING{ok.us = "OK"}
@STRING{or.us = "OR"}
@STRING{pa.us = "PA"}
@STRING{ri.us = "RI"}
@STRING{sc.us = "SC"}
@STRING{sd.us = "SD"}
@STRING{tn.us = "TN"}
@STRING{tx.us = "TX"}
@STRING{ut.us = "UT"}
@STRING{vt.us = "VT"}
@STRING{va.us = "VA"}
@STRING{wa.us = "WA"}
@STRING{wv.us = "WV"}
@STRING{wi.us = "WI"}
@STRING{wy.us = "WY"}
